% This file was created with JabRef 2.3.1.
% Encoding: ISO8859_1


@book{aastrom1995pid,
  title={PID controllers: theory, design, and tuning},
  author={{\AA}str{\"o}m, Karl Johan and H{\"a}gglund, Tore},
  volume={2},
  year={1995},
  publisher={Isa Research Triangle Park, NC}
}

@book{absil2009optimization,
	title={Optimization algorithms on matrix manifolds},
	author={Absil, P-A and Mahony, Robert and Sepulchre, Rodolphe},
	year={2009},
	publisher={Princeton University Press}
}


@manual{ADS1115module,
    organization  = {Texas Instruments},
    title         = {ADS111x Ultra-Small, Low-Power, I
2C-Compatible, 860-SPS, 16-Bit ADCs
With Internal Reference, Oscillator, and Programmable Comparator},
    number        = {SBAS444D},
    year          = {2009, Revised January 2018},
    month         = {May},
    note          = {}
}


@inproceedings{albu2003cartesian,
  title={Cartesian impedance control of redundant robots: Recent results with the DLR-light-weight-arms},
  author={Albu-Schaffer, Alin and Ott, Christian and Frese, Udo and Hirzinger, Gerd},
  booktitle={Robotics and Automation, 2003. Proceedings. ICRA'03. IEEE International Conference on},
  volume={3},
  pages={3704--3709},
  year={2003},
  organization={IEEE}
}


@article{albu2008soft,
  title={Soft robotics},
  author={Albu-Schaffer, Alin and Eiberger, Oliver and Grebenstein, Markus and Haddadin, Sami and Ott, Christian and Wimbock, Thomas and Wolf, Sebastian and Hirzinger, Gerd},
  journal={IEEE Robotics \& Automation Magazine},
  volume={15},
  number={3},
  year={2008},
  publisher={IEEE}
}

@article{alessandro2013muscle,
	title={Muscle synergies in neuroscience and robotics: from input-space to task-space perspectives},
	author={Alessandro, Cristiano and Delis, Ioannis and Nori, Francesco and Panzeri, Stefano and Berret, Bastien},
	journal={Frontiers in computational neuroscience},
	volume={7},
	pages={43},
	year={2013},
	publisher={Frontiers}
}

@article{alessandro2014computational,
	title={A computational analysis of motor synergies by dynamic response decomposition},
	author={Alessandro, Cristiano and Carbajal, Juan Pablo and d'Avella, Andrea},
	journal={Frontiers in computational neuroscience},
	volume={7},
	pages={191},
	year={2014},
	publisher={Frontiers}
}

@article{andersson1989aggressive,
  title={Aggressive trajectory generator for a robot ping-pong player},
  author={Andersson, Russell L},
  journal={IEEE Control Systems Magazine},
  volume={9},
  number={2},
  pages={15--21},
  year={1989},
  publisher={IEEE}
}

@Article{angelini2018decentralized,
  author    = {Angelini, Franco and Della Santina, Cosimo and Garabini, Manolo and Bianchi, Matteo and Gasparri, Gian Maria and Grioli, Giorgio and Catalano, Manuel and Bicchi, Antonio},
  title     = {Controlling soft robots: balancing feedback and feedforward elements},
  journal   = {IEEE Transactions on Robotics},
  year      = {2018},
  publisher = {IEEE},
}

@inproceedings{armanini2017elastica,
  title={From the elastica compass to the elastica catapult: an essay on the mechanics of soft robot arm},
  author={Armanini, C and Dal Corso, F and Misseroni, D and Bigoni, D},
  booktitle={Proc. R. Soc. A},
  volume={473},
  number={2198},
  pages={20160870},
  year={2017},
  organization={The Royal Society}
}

@article{armanini2021soft,
  title={Soft Robots Modeling: a Literature Unwinding},
  author={Armanini, Costanza and Messer, Conor and Mathew, Anup Teejo and Boyer, Fr{\'e}d{\'e}ric and Duriez, Christian and Renda, Federico},
  journal={arXiv preprint arXiv:2112.03645},
  year={2021}
}

@book{ascher1998computer,
	title={Computer methods for ordinary differential equations and differential-algebraic equations},
	author={Ascher, Uri M and Petzold, Linda R},
	volume={61},
	year={1998},
	publisher={Siam}
}

@inproceedings{bajo2011configuration,
  title={Configuration and joint feedback for enhanced performance of multi-segment continuum robots},
  author={Bajo, Andrea and Goldman, Roger E and Simaan, Nabil},
  booktitle={Robotics and Automation (ICRA), 2011 IEEE International Conference on},
  pages={2905--2912},
  year={2011},
  organization={IEEE}
}

@article{bao2020energy,
  title={Energy-saving trajectory tracking control of a multi-pump multi-actuator hydraulic system},
  author={Bao, Ruikai and Wang, Qingfeng and Wang, Tao},
  journal={Ieee Access},
  volume={8},
  pages={179156--179166},
  year={2020},
  publisher={IEEE}
}

@inproceedings{BellerSRC2018,
  author    = {Moritz Beller},
  title     = {Toward an Empirical Theory of Feedback-Driven Development},
  booktitle = {40th International Conference on Software Engineering, {ICSE} 2018, Student Research Competition, Gothenborg, Sweden},
  year      = {2018},
  note = "Open Access version: \url{https://pure.tudelft.nl/portal/files/40152814}"
}

@article{bemporad2002explicit,
  title={The explicit linear quadratic regulator for constrained systems},
  author={Bemporad, Alberto and Morari, Manfred and Dua, Vivek and Pistikopoulos, Efstratios N},
  journal={Automatica},
  volume={38},
  number={1},
  pages={3--20},
  year={2002},
  publisher={Elsevier}
}

@article{bergou2008discrete,
  title={Discrete elastic rods},
  author={Bergou, Mikl{\'o}s and Wardetzky, Max and Robinson, Stephen and Audoly, Basile and Grinspun, Eitan},
  journal={ACM transactions on graphics (TOG)},
  volume={27},
  number={3},
  pages={63},
  year={2008},
  publisher={ACM}
}

@article{bosi2016asymptotic,
  title={Asymptotic self-restabilization of a continuous elastic structure},
  author={Bosi, Federico and Misseroni, Diego and Dal Corso, Francesco and Neukirch, S{\'e}bastien and Bigoni, Davide},
  journal={Physical Review E},
  volume={94},
  number={6},
  pages={063005},
  year={2016},
  publisher={APS}
}

@article{boyer2020dynamics,
  title={Dynamics of continuum and soft robots: A strain parameterization based approach},
  author={Boyer, Fr{\'e}d{\'e}ric and Lebastard, Vincent and Candelier, Fabien and Renda, Federico},
  journal={IEEE Transactions on Robotics},
  volume={37},
  number={3},
  pages={847--863},
  year={2020},
  publisher={IEEE}
}

@article{braganza2007neural,
  title={A neural network controller for continuum robots},
  author={Braganza, David and Dawson, Darren M and Walker, Ian D and Nath, Nitendra},
  journal={IEEE transactions on robotics},
  volume={23},
  number={6},
  pages={1270--1277},
  year={2007},
  publisher={IEEE}
}

@inproceedings{carbonell2001nonlinear,
  title={Nonlinear control of a pneumatic muscle actuator: backstepping vs. sliding-mode},
  author={Carbonell, P and Jiang, ZP and Repperger, DW},
  booktitle={Proceedings of the 2001 IEEE International Conference on Control Applications (CCA'01)(Cat. No. 01CH37204)},
  pages={167--172},
  year={2001},
  organization={IEEE}
}

@article{carpi2007folded,
  title={Folded dielectric elastomer actuators},
  author={Carpi, Federico and Salaris, Claudio and De Rossi, Danilo},
  journal={Smart Materials and Structures},
  volume={16},
  number={2},
  pages={S300},
  year={2007},
  publisher={IOP Publishing}
}

@article{carrasco2018constant,
  title={Constant linear velocity spiral scanning for near video rate 4D OCT ophthalmic and surgical imaging with isotropic transverse sampling},
  author={Carrasco-Zevallos, Oscar M and Viehland, Christian and Keller, Brenton and McNabb, Ryan P and Kuo, Anthony N and Izatt, Joseph A},
  journal={Biomedical optics express},
  volume={9},
  number={10},
  pages={5052--5070},
  year={2018},
  publisher={Optical Society of America}
}

@inproceedings{chang1995manipulator,
  title={Manipulator control at kinematic singularities: A dynamically consistent strategy},
  author={Chang, Kyong-Sok and Khatib, Oussama},
  booktitle={Intelligent Robots and Systems 95.'Human Robot Interaction and Cooperative Robots', Proceedings. 1995 IEEE/RSJ International Conference on},
  volume={3},
  pages={84--88},
  year={1995},
  organization={IEEE}
}

@article{chenevier2018reduced,
  title={Reduced-order modeling of soft robots},
  author={Chenevier, Jean and Gonz{\'a}lez, David and Aguado, J Vicente and Chinesta, Francisco and Cueto, El{\'\i}as},
  journal={PloS one},
  volume={13},
  number={2},
  pages={e0192052},
  year={2018},
  publisher={Public Library of Science}
}

@article{cherubini2016collaborative,
  title={Collaborative manufacturing with physical human--robot interaction},
  author={Cherubini, Andrea and Passama, Robin and Crosnier, Andr{\'e} and Lasnier, Antoine and Fraisse, Philippe},
  journal={Robotics and Computer-Integrated Manufacturing},
  volume={40},
  pages={1--13},
  year={2016},
  publisher={Elsevier}
}

@incollection{chiaverini2016redundant,
	title={Redundant robots},
	author={Chiaverini, Stefano and Oriolo, Giuseppe and Maciejewski, Anthony A},
	booktitle={Springer Handbook of Robotics},
	pages={221--242},
	year={2016},
	publisher={Springer}
}

@article{chulliat2020us,
  title={The US/UK world magnetic model for 2020-2025},
  author={Chulliat, Arnaud and Brown, William and Alken, Patrick and Beggan, Ciaran and Nair, Manoj and Cox, Grace and Woods, Adam and Macmillan, Susan and Meyer, Brian and Paniccia, Michael},
  year={2020},
  journal={British Geological Survey}
}

@article{corke1996robotics,
  title={A robotics toolbox for MATLAB},
  author={Corke, Peter I},
  journal={IEEE Robotics \& Automation Magazine},
  volume={3},
  number={1},
  pages={24--32},
  year={1996},
  publisher={IEEE}
}

@article{cornelissen2009systematic,
  title={A systematic survey of program comprehension through dynamic analysis},
  author={Cornelissen, Bas and Zaidman, Andy and Van Deursen, Arie and Moonen, Leon and Koschke, Rainer},
  journal={IEEE Transactions on Software Engineering},
  volume={35},
  number={5},
  pages={684--702},
  year={2009},
  publisher={IEEE}
}

@book{curtain2012introduction,
  title={An introduction to infinite-dimensional linear systems theory},
  author={Curtain, Ruth F and Zwart, Hans},
  volume={21},
  year={2012},
  publisher={Springer Science \& Business Media}
}

@inproceedings{dawood2019modelling,
  title={Modelling of a soft sensor for exteroception and proprioception in a pneumatically actuated soft robot},
  author={Dawood, Abu Bakar and Godaba, Hareesh and Althoefer, Kaspar},
  booktitle={Annual Conference Towards Autonomous Robotic Systems},
  pages={99--110},
  year={2019},
  organization={Springer}
}

@inproceedings{de1998general,
  title={A general algorithm for dynamic feedback linearization of robots with elastic joints},
  author={De Luca, Alessandro and Lucibello, Pasquale},
  booktitle={Robotics and Automation, 1998. Proceedings. 1998 IEEE International Conference on},
  volume={1},
  pages={504--510},
  year={1998},
  organization={IEEE}
}

@article{de2016constitutive,
  title={On constitutive relations for a rod-based model of a pneu-net bending actuator},
  author={de Payrebrune, Kristin M and O’Reilly, Oliver M},
  journal={Extreme Mechanics Letters},
  volume={8},
  pages={38--46},
  year={2016},
  publisher={Elsevier}
}

@article{deimel2016novel,
  title={A novel type of compliant and underactuated robotic hand for dexterous grasping},
  author={Deimel, Raphael and Brock, Oliver},
  journal={The International Journal of Robotics Research},
  volume={35},
  number={1-3},
  pages={161--185},
  year={2016},
  publisher={SAGE Publications Sage UK: London, England}
}

@article{della2017controlling,
  title={Controlling soft robots: balancing feedback and feedforward elements},
  author={Della Santina, Cosimo and Bianchi, Matteo and Grioli, Giorgio and Angelini, Franco and Catalano, Manuel and Garabini, Manolo and Bicchi, Antonio},
  journal={IEEE Robotics \& Automation Magazine},
  volume={24},
  number={3},
  pages={75--83},
  year={2017},
  publisher={IEEE}
}

@inproceedings{della2018dynamic,
	title={Dynamic control of soft robots interacting with the environment},
	author={Della Santina, Cosimo and Katzschmann, Robert K and Bicchi, Antonio and Rus, Daniela},
	booktitle={2018 IEEE International Conference on Soft Robotics (RoboSoft)},
	pages={46--53},
	year={2018},
	organization={IEEE}
}

@article{della2019control,
  title={Control oriented modeling of soft robots: The polynomial curvature case},
  author={Della Santina, Cosimo and Rus, Daniela},
  journal={IEEE Robotics and Automation Letters},
  volume={5},
  number={2},
  pages={290--298},
  year={2019},
  publisher={IEEE}
}


@inproceedings{della2019dynamic,
  title={Dynamic control of soft robots with internal constraints in the presence of obstacles},
  author={Della Santina, Cosimo and Bicchi, Antonio and Rus, Daniela},
  booktitle={2019 IEEE/RSJ International Conference on Intelligent Robots and Systems (IROS)},
  pages={6622--6629},
  year={2019},
  organization={IEEE}
}

@inproceedings{della2019exact,
	title={Exact task execution in highly under-actuated soft limbs: an operational space based approach},
	author={Della Santina, Cosimo and Pallottino, Lucia and Rus, Daniela and Bicchi, Antonio},
	booktitle={2019 IEEE International Conference on Soft Robotics (RoboSoft)},
	year={2019},
	organization={IEEE}
}

@article{della2019model,
	title={Model-based dynamic feedback control
	of a planar soft robot: trajectory tracking
	and interaction with the environment},
	author={Della Santina, Cosimo and Katzschmann, Robert K and Bicchi, Antonio and Rus, Daniela},
	year={2019},
	journal={Under review at Internation Journal of Robotics Research},
	publisher={SAGE}
}

@article{della2020improved,
  title={On an improved state parametrization for soft robots with piecewise constant curvature and its use in model based control},
  author={Della Santina, Cosimo and Bicchi, Antonio and Rus, Daniela},
  journal={IEEE Robotics and Automation Letters},
  volume={5},
  number={2},
  pages={1001--1008},
  year={2020},
  publisher={IEEE}
}

@article{della2020model,
  title={Model-based dynamic feedback control of a planar soft robot: trajectory tracking and interaction with the environment},
  author={Della Santina, Cosimo and Katzschmann, Robert K and Bicchi, Antonio and Rus, Daniela},
  journal={The International Journal of Robotics Research},
  volume={39},
  number={4},
  pages={490--513},
  year={2020},
  publisher={SAGE Publications Sage UK: London, England}
}

@inproceedings{della2020soft,
  title={The soft inverted pendulum with affine curvature},
  author={Della Santina, Cosimo},
  booktitle={2020 59th IEEE Conference on Decision and Control (CDC)},
  pages={4135--4142},
  year={2020},
  organization={IEEE}
}

@article{della2021flexible,
  title={Flexible Manipulators},
  author={Della Santina, Cosimo},
  journal={Encyclopedia of Robotics},
  year={2021},
  publisher={Springer}
}

% Encoding: UTF-8

@article{della2021soft,
  title={Soft robots},
  author={Della Santina, Cosimo and Catalano, Manuel G and Bicchi, Antonio},
  journal={Encyclopedia of Robotics},
  volume={489},
  year={2021},
  publisher={Springer},
  pages={}
}

@article{della2023model,
  title={Model-Based Control of Soft Robots: A Survey of the State of the Art and Open Challenges},
  author={Della Santina, Cosimo and Duriez, Christian and Rus, Daniela},
  journal={IEEE Control Systems Magazine},
  volume={43},
  number={3},
  pages={30--65},
  year={2023},
  publisher={IEEE}
}

@inproceedings{deutschmann2017position,
  title={Position control of an underactuated continuum mechanism using a reduced nonlinear model},
  author={Deutschmann, Bastian and Dietrich, Alexander and Ott, Christian},
  booktitle={Decision and Control (CDC), 2017 IEEE 56th Annual Conference on},
  pages={5223--5230},
  year={2017},
  organization={IEEE}
}

@inproceedings{deutschmann2017robust,
  title={Robust Motion Control of a Soft Robotic System Using Fractional Order Control},
  author={Deutschmann, Bastian and Ott, Christian and Monje, Concepcion A and Balaguer, Carlos},
  booktitle={International Conference on Robotics in Alpe-Adria Danube Region},
  pages={147--155},
  year={2017},
  organization={Springer}
}

@article{ding2021predictive,
  title={Predictive uncertainty estimation using deep learning for soft robot multimodal sensing},
  author={Ding, Ze Yang and Loo, Junn Yong and Baskaran, Vishnu Monn and Nurzaman, Surya Girinatha and Tan, Chee Pin},
  journal={IEEE Robotics and Automation Letters},
  volume={6},
  number={2},
  pages={951--957},
  year={2021},
  publisher={IEEE}
}

@article{dwivedi2018design,
  title={Design, modeling, and validation of a soft magnetic 3-D force sensor},
  author={Dwivedi, Anany and Ramakrishnan, Anand and Reddy, Aniketh and Patel, Kunal and Ozel, Selim and Onal, Cagdas D},
  journal={IEEE Sensors Journal},
  volume={18},
  number={9},
  pages={3852--3863},
  year={2018},
  publisher={IEEE}
}

@inproceedings{falkenhahn2015model,
  title={Model-based feedforward position control of constant curvature continuum robots using feedback linearization},
  author={Falkenhahn, Valentin and Hildebrandt, Alexander and Neumann, R{\"u}diger and Sawodny, Oliver},
  booktitle={Robotics and Automation (ICRA), 2015 IEEE International Conference on},
  pages={762--767},
  year={2015},
  organization={IEEE}
}

@article{falkenhahn2016dynamic,
  title={Dynamic control of the bionic handling assistant},
  author={Falkenhahn, Valentin and Hildebrandt, Alexander and Neumann, R{\"u}diger and Sawodny, Oliver},
  journal={IEEE/ASME Transactions on Mechatronics},
  volume={22},
  number={1},
  pages={6--17},
  year={2016},
  publisher={IEEE}
}

@manual{farnell,
    organization  = {Honeywell International Inc.},
    title         = {1- and 2-Axis Magnetic Sensors, HMC1001/1002/1021/1022},
    number        = {900248},
    note          = {Rev. B 4-00}
}

@incollection{faure2012sofa,
  title={Sofa: A multi-model framework for interactive physical simulation},
  author={Faure, Fran{\c{c}}ois and Duriez, Christian and Delingette, Herv{\'e} and Allard, J{\'e}r{\'e}mie and Gilles, Benjamin and Marchesseau, St{\'e}phanie and Talbot, Hugo and Courtecuisse, Hadrien and Bousquet, Guillaume and Peterlik, Igor and others},
  booktitle={Soft tissue biomechanical modeling for computer assisted surgery},
  pages={283--321},
  year={2012},
  publisher={Springer}
}

@book{featherstone2014rigid,
abstract = {Rigid Body Dynamics Algorithms presents the subject of computational rigid-body dynamics through the medium of spatial 6D vector notation. It explains how to model a rigid-body system and how to analyze it, and it presents the most comprehensive collection of the best rigid-body dynamics algorithms to be found in a single source. The use of spatial vector notation greatly reduces the volume of algebra which allows systems to be described using fewer equations and fewer quantities. It also allows problems to be solved in fewer steps, and solutions to be expressed more succinctly. In addition algorithms are explained simply and clearly, and are expressed in a compact form. The use of spatial vector notation facilitates the implementation of dynamics algorithms on a computer: shorter, simpler code that is easier to write, understand and debug, with no loss of efficiency. Unique features include: A comprehensive collection of the best rigid-body dynamics algorithms Use of spatial (6D) vectors to greatly reduce the volume of algebra, to simplify the treatment of the subject, and to simplify the computer code that implements the algorithms Algorithms expressed both mathematically and in pseudocode for easy translation into computer programs Source code for many algorithms available on the internet Rigid Body Dynamics Algorithms is aimed at readers who already have some elementary knowledge of rigid-body dynamics, and are interested in calculating the dynamics of a rigid-body system. This book serves as an algorithms recipe book as well as a guide to the analysis and deeper understanding of rigid-body systems.},
archivePrefix = {arXiv},
arxivId = {arXiv:1011.1669v3},
author = {Featherstone, Roy},
booktitle = {Constraints},
doi = {10.1007/978-0-387-74315-8},
eprint = {arXiv:1011.1669v3},
isbn = {9780387743141},
issn = {1881-6096},
pages = {272},
pmid = {21987560},
publisher = {Springer},
title = {{Rigid body dynamics algorithms}},
url = {http://www.springerlink.com/index/10.1007/978-0-387-74315-8},
year = {2014}
}

@article{fierro1997control,
  title={Control of a nonholomic mobile robot: Backstepping kinematics into dynamics},
  author={Fierro, Rafael and Lewis, Frank L},
  journal={Journal of robotic systems},
  volume={14},
  number={3},
  pages={149--163},
  year={1997},
  publisher={Wiley Online Library}
}

@article{franco2021energy,
  title={Energy-shaping control of soft continuum manipulators with in-plane disturbances},
  author={Franco, Enrico and Garriga-Casanovas, Arnau},
  journal={The International Journal of Robotics Research},
  volume={40},
  number={1},
  pages={236--255},
  year={2021},
  publisher={SAGE Publications Sage UK: London, England}
}

@article{franco2021nonlinear,
  title={Nonlinear energy-based control of soft continuum pneumatic manipulators},
  author={Franco, Enrico and Ayatullah, Tutla and Sugiharto, Arif and Garriga-Casanovas, Arnau and Virdyawan, Vani},
  journal={Nonlinear Dynamics},
  pages={1--25},
  year={2021},
  publisher={Springer}
}

@book{furlani2001permanent,
  title={Permanent magnet and electromechanical devices: materials, analysis, and applications},
  author={Furlani, Edward P},
  year={2001},
  publisher={Academic press}
}

@Inbook{Garrett2020,
author="Garrett, Steven L.",
title="Ideal Gas Laws",
bookTitle="Understanding Acoustics: An Experimentalist's View of Sound and Vibration",
year="2020",
publisher="Springer International Publishing",
address="Cham",
pages="333--356",
abstract="This is the first chapter to explicitly address fluid media. For springs and solids, Hooke's law, or its generalization using stress, strain, and elastic moduli provided an equation of state. In fluids, we have an equation of state that relates changes in pressure (stresses) to changes in density (strain). The simplest fluidic equations of state are the Ideal Gas Laws. Our presentation of these laws will combine microscopic models that treat gas atoms as hard spheres with phenomenological (thermodynamic) models that combine the variables that describe the gas with conservation laws that restrict those variables. The combination of microscopic and phenomenological models will give us the important characteristics of gas behavior under isothermal or adiabatic conditions and will provide relationships between gas heat capacities and their constituent particles when augmented with elementary concepts from quantum mechanics. The chapter ends by adding a velocity field to the pressure, temperature, and density, thus providing the equations of hydrodynamics that will guide all of the subsequent development of acoustics in fluids.",
isbn="978-3-030-44787-8",
doi="10.1007/978-3-030-44787-8_7"
}

@article{gazzola2016dynamics,
  title={Dynamics of soft filaments that can stretch, shear, bend and twist},
  author={Gazzola, Mattia and Dudte, Levi H and McCormick, Andrew G and Mahadevan, L},
  journal={arXiv preprint arXiv:1607.00430},
  year={2016}
}

@article{george2018control,
  title={Control Strategies for Soft Robotic Manipulators: A Survey},
  author={Thuruthel, Thomas George and Ansari, Yasmin and Falotico, Egidio and Laschi, Cecilia},
  journal={Soft robotics},
  year={2018},
  publisher={Mary Ann Liebert, Inc. 140 Huguenot Street, 3rd Floor New Rochelle, NY 10801 USA}
}

@inproceedings{gillespie2016simultaneous,
  title={Simultaneous position and stiffness control for an inflatable soft robot},
  author={Gillespie, Morgan T and Best, Charles M and Killpack, Marc D},
  booktitle={2016 IEEE international conference on robotics and automation (ICRA)},
  pages={1095--1101},
  year={2016},
  organization={IEEE}
}

@inproceedings{giorelli2013feed,
  title={A feed-forward neural network learning the inverse kinetics of a soft cable-driven manipulator moving in three-dimensional space},
  author={Giorelli, Michele and Renda, Federico and Ferri, Gabriele and Laschi, Cecilia},
  booktitle={Intelligent Robots and Systems (IROS), 2013 IEEE/RSJ International Conference on},
  pages={5033--5039},
  year={2013},
  organization={IEEE}
}

@article{giszter2015motor,
	title={Motor primitives—new data and future questions},
	author={Giszter, Simon F},
	journal={Current opinion in neurobiology},
	volume={33},
	pages={156--165},
	year={2015},
	publisher={Elsevier}
}

@article{gomez2021torchquad,
  title={torchquad: Numerical Integration in Arbitrary Dimensions with PyTorch},
  author={G{\'o}mez, Pablo and Toftevaag, H{\aa}vard Hem and Meoni, Gabriele},
  journal={Journal of Open Source Software},
  volume={6},
  number={64},
  pages={3439},
  year={2021}
}

@inproceedings{grazioso2016nonlinear,
	title={A nonlinear finite element formalism for modelling flexible and soft manipulators},
	author={Grazioso, Stanislao and Sonneville, Valentin and Di Gironimo, Giuseppe and Bauchau, Olivier and Siciliano, Bruno},
	booktitle={Simulation, Modeling, and Programming for Autonomous Robots (SIMPAR), IEEE International Conference on},
	pages={185--190},
	year={2016},
	organization={IEEE}
}

@article{grazioso2018geometrically,
	title={A Geometrically Exact Model for Soft Continuum Robots: The Finite Element Deformation Space Formulation},
	author={Grazioso, Stanislao and Di Gironimo, Giuseppe and Siciliano, Bruno},
	journal={Soft robotics},
	year={2018},
	publisher={Mary Ann Liebert, Inc., publishers 140 Huguenot Street, 3rd Floor New~…}
}

@article{greco2013b,
  title={B-Spline interpolation of Kirchhoff-Love space rods},
  author={Greco, Leopoldo and Cuomo, Massimo},
  journal={Computer Methods in Applied Mechanics and Engineering},
  volume={256},
  pages={251--269},
  year={2013},
  publisher={Elsevier}
}

@article{guo2019continuum,
  title={Continuum robot shape estimation using permanent magnets and magnetic sensors},
  author={Guo, Hao and Ju, Feng and Cao, Yanfei and Qi, Fei and Bai, Dongming and Wang, Yaoyao and Chen, Bai},
  journal={Sensors and Actuators A: Physical},
  volume={285},
  pages={519--530},
  year={2019},
  publisher={Elsevier}
}

@article{haddadin2017robot,
  title={Robot collisions: A survey on detection, isolation, and identification},
  author={Haddadin, Sami and De Luca, Alessandro and Albu-Sch{\"a}ffer, Alin},
  journal={IEEE Transactions on Robotics},
  volume={33},
  number={6},
  pages={1292--1312},
  year={2017},
  publisher={IEEE}
}

@article{hannan2003kinematics,
  title={Kinematics and the implementation of an elephant's trunk manipulator and other continuum style robots},
  author={Hannan, Michael W and Walker, Ian D},
  journal={Journal of Field Robotics},
  volume={20},
  number={2},
  pages={45--63},
  year={2003},
  publisher={Wiley Online Library}
}

@article{hauser2011towards,
	title={Towards a theoretical foundation for morphological computation with compliant bodies},
	author={Hauser, Helmut and Ijspeert, Auke J and F{\"u}chslin, Rudolf M and Pfeifer, Rolf and Maass, Wolfgang},
	journal={Biological cybernetics},
	volume={105},
	number={5-6},
	pages={355--370},
	year={2011},
	publisher={Springer}
}

@article{hofer2021vision,
  title={A vision-based sensing approach for a spherical soft robotic arm},
  author={Hofer, Matthias and Sferrazza, Carmelo and D’Andrea, Raffaello},
  journal={Frontiers in Robotics and AI},
  volume={8},
  pages={8},
  year={2021},
  publisher={Frontiers}
}

@article{holland2017soft,
  title={The soft robotics toolkit: Strategies for overcoming obstacles to the wide dissemination of soft-robotic hardware},
  author={Holland, Donal Padraic and Abah, Colette and Velasco-Enriquez, Marielena and Herman, Maxwell and Bennett, Gareth J and Vela, Emir Augusto and Walsh, Conor James},
  journal={IEEE Robotics \& Automation Magazine},
  volume={24},
  number={1},
  pages={57--64},
  year={2017},
  publisher={IEEE}
}

@article{homberg2018robust,
title = {Robust Proprioceptive Grasping with a Soft Robot Hand},
author = {Homberg, Bianca S. and Katzschmann, Robert K. and Dogar, Mehmet R. and Rus, Daniela},
publisher = {Springer US},
journal = {Autonomous Robots (in press)},
keywords = {Soft Robotics, Soft Gripper, Proprioceptive soft robotic hand, Proprioceptive sensing, Online object identification, Learning new objects, Autonomously Grasping},
year = {2018}
}

@manual{honeywell,
    organization  = {Honeywell International Inc.},
    title         = {1- and 2-Axis Magnetic Sensors, HMC1001/1002/1021/1022},
    note        = {N61-2056-000-000},
    year          = {2019},
    month         = {April}
}

@inproceedings{hong2017comparative,
  title={Comparative analysis of energy-based criteria for dynamics-based robot motion optimization},
  author={Hong, Youngsuk and Kim, Jinkyu and Park, Frank C},
  booktitle={Control Technology and Applications (CCTA), 2017 IEEE Conference on},
  pages={175--180},
  year={2017},
  organization={IEEE}
}

@Article{hsu1989dynamic,
  author    = {Hsu, Ping and Mauser, John and Sastry, Shankar},
  title     = {Dynamic control of redundant manipulators},
  journal   = {Journal of Field Robotics},
  year      = {1989},
  volume    = {6},
  number    = {2},
  pages     = {133--148},
  publisher = {Wiley Online Library},
}

@inproceedings{hughes2020extensible,
  title={Extensible high force manipulator for complex exploration},
  author={Hughes, Josie and Della Santina, Cosmio and Rus, Daniela},
  booktitle={2020 3rd IEEE International Conference on Soft Robotics (RoboSoft)},
  pages={733--739},
  year={2020},
  organization={IEEE}
}

@article{izmailov2018averaging,
  title={Averaging weights leads to wider optima and better generalization},
  author={Izmailov, Pavel and Podoprikhin, Dmitrii and Garipov, Timur and Vetrov, Dmitry and Wilson, Andrew Gordon},
  journal={arXiv preprint arXiv:1803.05407},
  year={2018}
}

@incollection{jaulin2001interval,
	title={Interval analysis},
	author={Jaulin, Luc and Kieffer, Michel and Didrit, Olivier and Walter, Eric},
	booktitle={Applied Interval Analysis},
	pages={11--43},
	year={2001},
	publisher={Springer}
}

@article{johansen2013control,
	title={Control allocation—a survey},
	author={Johansen, Tor A and Fossen, Thor I},
	journal={Automatica},
	volume={49},
	number={5},
	pages={1087--1103},
	year={2013},
	publisher={Elsevier}
}

@article{jones2006kinematics,
	title={Kinematics for multisection continuum robots},
	author={Jones, Bryan A and Walker, Ian D},
	journal={IEEE Transactions on Robotics},
	volume={22},
	number={1},
	pages={43--55},
	year={2006},
	publisher={IEEE}
}

@inproceedings{kapadia2010model,
  title={A model-based sliding mode controller for extensible continuum robots},
  author={Kapadia, Apoorva D and Walker, Ian D and Dawson, Darren M and Tatlicioglu, Enver},
  booktitle={Proceedings of the 9th WSEAS international conference on Signal processing, robotics and automation},
  pages={113--120},
  year={2010},
  organization={World Scientific and Engineering Academy and Society (WSEAS)}
}

@inproceedings{kapadia2014empirical,
  title={Empirical investigation of closed-loop control of extensible continuum manipulators},
  author={Kapadia, Apoorva D and Fry, Katelyn E and Walker, Ian D},
  booktitle={Intelligent Robots and Systems (IROS 2014), 2014 IEEE/RSJ International Conference on},
  pages={329--335},
  year={2014},
  organization={IEEE}
}

@inproceedings{katzschmann2014hydraulic,
abstract = {This work presents an autonomous soft-bodied robotic fish that is hydraulically actuated and capable of sustained swimming in three dimensions. The design of a fish-like soft body has been extended to deform under hydraulic instead of pneumatic power. Moreover, a new closed-circuit drive system that uses water as a transmission fluid is used to actuate the soft body. Circulation of water through internal body channels provides control over the fish's caudal fin propulsion and yaw motion. A new fabrication technique for the soft body is described, which allows for arbitrary internal fluidic channels, enabling a wide-range of continuous body deformations. Furthermore, dynamic diving capabilities are introduced through pectoral fins as dive planes. These innovations enable prolonged fish-like locomotion in three dimensions.},
address = {Marrakech, Morocco},
author = {Katzschmann, Robert K and Marchese, Andrew D and Rus, Daniela},
booktitle = {2014 International Symposium on Experimental Robotics (ISER 2014)},
doi = {10.1007/978-3-319-23778-7_27},
isbn = {9783319237787},
issn = {1610742X},
keywords = {Fluidic Elastomer Actuator,Fluidic elastomer actuator,Hydraulic,Hydraulic Actuation,Hydraulic actuation,Lost-Wax Silicone Casting,Lost-wax silicone casting,Robotic Fish,Robotic fish,Soft Actuator Fabrication,Soft Robotics,Soft actuator fabrication,Soft robotics,Underwater Locomotion,Underwater locomotion,fluidic elastomer actuator,hydraulic actuation,lost-wax fabrication,lost-wax silicone casting,motion,robotic fish,soft actuator fabrica-,soft actuator fabrication,soft robotics,tion,under-,water locomotion},
mendeley-groups = {Untethered/underwater,Soft Locomotion,Soft Locomotion/swimming,Zotero - Zotero Library,Zotero - My Collection},
mendeley-tags = {Hydraulic,lost-wax fabrication,soft robotics},
number = {1122374},
pages = {405--420},
title = {{Hydraulic Autonomous Soft Robotic Fish for 3D Swimming}},
volume = {109},
year = {2014}
}

@article{katzschmann2015autonomous,
abstract = {This paper presents the development of an autonomous motion planning algorithm for a soft planar grasping manipulator capable of grasp-and-place operations by encapsulation with uncertainty in the position and shape of the object. The end effector of the soft manipulator is fabricated in one piece without weakening seams using lost-wax casting instead of the commonly used multi-layer lamination process. The soft manipulation system can grasp randomly positioned objects within its reachable envelope and move them to a desired location without human intervention. The autonomous planning system leverages the compliance and continuum bending of the soft grasping manipulator to achieve repeatable grasps in the presence of uncertainty. A suite of experiments is presented that demonstrates the system's capabilities.},
author = {Katzschmann, Robert K and Marchese, Andrew D and Rus, Daniela},
doi = {10.1089/soro.2015.0013},
issn = {2169-5172},
journal = {Soft Robotics},
month = {dec},
number = {4},
pages = {155--164},
publisher = {Mary Ann Liebert, Inc. 140 Huguenot Street, 3rd Floor New Rochelle, NY 10801 USA},
title = {{Autonomous Object Manipulation Using a Soft Planar Grasping Manipulator}},
url = {http://online.liebertpub.com/doi/10.1089/soro.2015.0013},
volume = {2},
year = {2015}
}

@article {katzschmann2018exploration,
  author = {Katzschmann, Robert K. and DelPreto, Joseph and MacCurdy, Robert and Rus, Daniela},
  title = {Exploration of underwater life with an acoustically controlled soft robotic fish},
  volume = {3},
  number = {16},
  year = {2018},
  doi = {10.1126/scirobotics.aar3449},
  publisher = {Science Robotics},
  URL = {http://robotics.sciencemag.org/content/3/16/eaar3449},
  eprint = {http://robotics.sciencemag.org/content/3/16/eaar3449.full.pdf},
  journal = {Science Robotics}
}

@inproceedings{katzschmann2019dynamic,
  title={Dynamic motion control of multi-segment soft robots using piecewise constant curvature matched with an augmented rigid body model},
  author={Katzschmann, Robert K and Della Santina, Cosimo and Toshimitsu, Yasunori and Bicchi, Antonio and Rus, Daniela},
  booktitle={2019 2nd IEEE International Conference on Soft Robotics (RoboSoft)},
  pages={454--461},
  year={2019},
  organization={IEEE}
}

@inproceedings{Katzschmann2019dynamic,
	title={Dynamic Motion Control of Multi-Segment Soft Robots Using Piecewise Constant Curvature Matched with an Augmented Rigid Body Model},
	author={Katzschmann, Robert K and Della Santina, Cosimo and Yasunori, Toshimitsu and Bicchi, Antonio and Rus, Daniela},
	booktitle={2019 IEEE International Conference on Soft Robotics (RoboSoft)},
	year={2019},
	organization={IEEE}
}

@article{kawato1999internal,
  title={Internal models for motor control and trajectory planning},
  author={Kawato, Mitsuo},
  journal={Current opinion in neurobiology},
  volume={9},
  number={6},
  pages={718--727},
  year={1999},
  publisher={Elsevier}
}

@article{kelly1995tuning,
  title={A tuning procedure for stable PID control of robot manipulators},
  author={Kelly, Rafael},
  journal={Robotica},
  volume={13},
  number={2},
  pages={141--148},
  year={1995},
  publisher={Cambridge University Press}
}

@article{khalil1996nonlinear,
  title={Nonlinear Systems},
  author={Khalil, Hassan K},
  journal={Prentice-Hall, New Jersey},
  volume={2},
  number={5},
  pages={5--1},
  year={1996}
}

@article{khatib1987unified,
  title={A unified approach for motion and force control of robot manipulators: The operational space formulation},
  author={Khatib, Oussama},
  journal={IEEE Journal on Robotics and Automation},
  volume={3},
  number={1},
  pages={43--53},
  year={1987},
  publisher={IEEE}
}

@inproceedings{kim2014optimizing,
	title={Optimizing curvature sensor placement for fast, accurate shape sensing of continuum robots},
	author={Kim, Beobkyoon and Ha, Junhyoung and Park, Frank C and Dupont, Pierre E},
	booktitle={2014 IEEE international conference on robotics and automation (ICRA)},
	pages={5374--5379},
	year={2014},
	organization={IEEE}
}

@article{kingma2014adam,
  title={Adam: A method for stochastic optimization},
  author={Kingma, Diederik P and Ba, Jimmy},
  journal={arXiv preprint arXiv:1412.6980},
  year={2014}
}

@inproceedings{kramer2011soft,
  title={Soft curvature sensors for joint angle proprioception},
  author={Kramer, Rebecca K and Majidi, Carmel and Sahai, Ranjana and Wood, Robert J},
  booktitle={2011 IEEE/RSJ International Conference on Intelligent Robots and Systems},
  pages={1919--1926},
  year={2011},
  organization={IEEE}
}

@article{kuindersma2016optimization,
  title={Optimization-based locomotion planning, estimation, and control design for the atlas humanoid robot},
  author={Kuindersma, Scott and Deits, Robin and Fallon, Maurice and Valenzuela, Andr{\'e}s and Dai, Hongkai and Permenter, Frank and Koolen, Twan and Marion, Pat and Tedrake, Russ},
  journal={Autonomous Robots},
  volume={40},
  number={3},
  pages={429--455},
  year={2016},
  publisher={Springer}
}

@article{kuppuswamy2014muscle,
	title={Do muscle synergies reduce the dimensionality of behavior?},
	author={Kuppuswamy, Naveen and Harris, Christopher M},
	journal={Frontiers in computational neuroscience},
	volume={8},
	pages={63},
	year={2014},
	publisher={Frontiers}
}

@article{laschi2012soft,
  title={Soft robot arm inspired by the octopus},
  author={Laschi, Cecilia and Cianchetti, Matteo and Mazzolai, Barbara and Margheri, Laura and Follador, Maurizio and Dario, Paolo},
  journal={Advanced Robotics},
  volume={26},
  number={7},
  pages={709--727},
  year={2012},
  publisher={Taylor \& Francis}
}

@article{laschi2016soft,
  title={Soft robotics: Technologies and systems pushing the boundaries of robot abilities},
  author={Laschi, Cecilia and Mazzolai, Barbara and Cianchetti, Matteo},
  journal={Sci. Robot.},
  volume={1},
  number={1},
  pages={eaah3690},
  year={2016}
}

@article{latash2012bliss,
	title={The bliss (not the problem) of motor abundance (not redundancy)},
	author={Latash, Mark L},
	journal={Experimental brain research},
	volume={217},
	number={1},
	pages={1--5},
	year={2012},
	publisher={Springer}
}

@article{lee2017nonparametric,
	title={Nonparametric online learning control for soft continuum robot: An enabling technique for effective endoscopic navigation},
	author={Lee, Kit-Hang and Fu, Denny KC and Leong, Martin CW and Chow, Marco and Fu, Hing-Choi and Althoefer, Kaspar and Sze, Kam Yim and Yeung, Chung-Kwong and Kwok, Ka-Wai},
	journal={Soft robotics},
	volume={4},
	number={4},
	pages={324--337},
	year={2017},
	publisher={Mary Ann Liebert, Inc. 140 Huguenot Street, 3rd Floor New Rochelle, NY 10801 USA}
}

@inproceedings{leidner2014object,
  title={Object-centered hybrid reasoning for whole-body mobile manipulation},
  author={Leidner, Daniel and Dietrich, Alexander and Schmidt, Florian and Borst, Christoph and Albu-Sch{\"a}ffer, Alin},
  booktitle={Robotics and Automation (ICRA), 2014 IEEE International Conference on},
  pages={1828--1835},
  year={2014},
  organization={IEEE}
}

@article{li2017fluid,
	title={Fluid-driven origami-inspired artificial muscles},
	author={Li, Shuguang and Vogt, Daniel M and Rus, Daniela and Wood, Robert J},
	journal={Proceedings of the National Academy of Sciences},
	volume={114},
	number={50},
	pages={13132--13137},
	year={2017},
	publisher={National Acad Sciences}
}

@article{li2021scaling,
  title={Scaling Up Soft Robotics: A Meter-Scale, Modular, and Reconfigurable Soft Robotic System},
  author={Li, Shuguang and Awale, Samer A and Bacher, Katharine E and Buchner, Thomas J and Della Santina, Cosimo and Wood, Robert J and Rus, Daniela},
  journal={Soft Robotics},
  year={2021},
  publisher={Mary Ann Liebert, Inc., publishers 140 Huguenot Street, 3rd Floor New~…}
}

@inproceedings{lindenroth2016stiffness,
  title={Stiffness-based modelling of a hydraulically-actuated soft robotics manipulator},
  author={Lindenroth, Lukas and Back, Junghwan and Schoisengeier, Adrian and Noh, Yohan and W{\"u}rdemann, Helge and Althoefer, Kaspar and Liu, Hongbin},
  booktitle={2016 IEEE/RSJ International Conference on Intelligent Robots and Systems (IROS)},
  pages={2458--2463},
  year={2016},
  organization={IEEE}
}

@article{lismonde2017trajectory,
  title={Trajectory planning of soft link robots with improved intrinsic safety},
  author={Lismonde, Arthur and Sonneville, Valentin and Br{\"u}ls, Olivier},
  journal={IFAC-PapersOnLine},
  volume={50},
  number={1},
  pages={6016--6021},
  year={2017},
  publisher={Elsevier}
}

@incollection{ljung1998system,
  title={System identification},
  author={Ljung, Lennart},
  booktitle={Signal analysis and prediction},
  pages={163--173},
  year={1998},
  publisher={Springer}
}

@article{loshchilov2016sgdr,
  title={Sgdr: Stochastic gradient descent with warm restarts},
  author={Loshchilov, Ilya and Hutter, Frank},
  journal={arXiv preprint arXiv:1608.03983},
  year={2016}
}


@book{luo2012stability,
  title={Stability and stabilization of infinite dimensional systems with applications},
  author={Luo, Zheng-Hua and Guo, Bao-Zhu and Morg{\"u}l, {\"O}mer},
  year={2012},
  publisher={Springer Science \& Business Media}
}

@article{luo2017toward,
  title={Toward Modular Soft Robotics: Proprioceptive Curvature Sensing and Sliding-Mode Control of Soft Bidirectional Bending Modules},
  author={Luo, Ming and Skorina, Erik H and Tao, Weijia and Chen, Fuchen and Ozel, Selim and Sun, Yinan and Onal, Cagdas D},
  journal={Soft robotics},
  volume={4},
  number={2},
  pages={117--125},
  year={2017},
  publisher={Mary Ann Liebert, Inc. 140 Huguenot Street, 3rd Floor New Rochelle, NY 10801 USA}
}

@inproceedings{luong2019eversion,
  title={Eversion and retraction of a soft robot towards the exploration of coral reefs},
  author={Luong, Jamie and Glick, Paul and Ong, Aaron and DeVries, Maya S and Sandin, Stuart and Hawkes, Elliot W and Tolley, Michael T},
  booktitle={2019 2nd IEEE International Conference on Soft Robotics (RoboSoft)},
  pages={801--807},
  year={2019},
  organization={IEEE}
}

@Article{magpylib2020,
title = {Magpylib: A free Python package for magnetic field computation},
author  ={Ortner, Michael and Coliado Bandeira, Lucas Gabriel},
year    = {2020},
journal = {SoftwareX},
publisher = {Elsevier},
doi = {10.1016/j.softx.2020.100466}
}

@article{manopt,
	author  = {Boumal, N. and Mishra, B. and Absil, P.-A. and Sepulchre, R.},
	title   = {{M}anopt, a {M}atlab Toolbox for Optimization on Manifolds},
	journal = {Journal of Machine Learning Research},
	year    = {2014},
	volume  = {15},
	pages   = {1455--1459},
	url     = {http://www.manopt.org}
}

@article{mansard2009continuity,
	title={Continuity of varying-feature-set control laws},
	author={Mansard, Nicolas and Remazeilles, Anthony and Chaumette, Fran{\c{c}}ois},
	journal={IEEE Transactions on Automatic Control},
	volume={54},
	number={11},
	pages={2493--2505},
	year={2009},
	publisher={IEEE}
}

@article{marchese2014autonomous,
  title={Autonomous soft robotic fish capable of escape maneuvers using fluidic elastomer actuators},
  author={Marchese, Andrew D and Onal, Cagdas D and Rus, Daniela},
  journal={Soft Robotics},
  volume={1},
  number={1},
  pages={75--87},
  year={2014},
  publisher={Mary Ann Liebert, Inc. 140 Huguenot Street, 3rd Floor New Rochelle, NY 10801 USA}
}

@inproceedings{marchese2014design,
  title={Design and control of a soft and continuously deformable 2d robotic manipulation system},
  author={Marchese, Andrew D and Komorowski, Konrad and Onal, Cagdas D and Rus, Daniela},
  booktitle={2014 IEEE international conference on robotics and automation (ICRA)},
  pages={2189--2196},
  year={2014},
  organization={Ieee}
}

@article{marchese2014whole,
abstract = {Soft continuum manipulators have the advantage of being more compliant and having more degrees of freedom than rigid redundant manipulators. This attribute should allow soft manipulators to autonomously execute highly dexterous tasks. However, current approaches to motion planning, inverse kinematics, and even design limit the capacity of soft manipulators to take full advantage of their inherent compliance. We provide a computational approach to whole arm planning for a soft planar manipulator that advances the arm's end effector pose in task space while simultaneously considering the arm's entire envelope in proximity to a confined environment. The algorithm solves a series of constrained optimization problems to determine locally optimal inverse kinematics. Due to inherent limitations in modeling the kinematics of a highly compliant soft robot and the local optimality of the planner's solutions, we also rely on the increased softness of our newly designed manipulator to accomplish the whole arm task, namely the arm's ability to harmlessly collide with the environment. We detail the design and fabrication of the new modular manipulator as well as the planner's central algorithm. We experimentally validate our approach by showing that the robotic system is capable of autonomously advancing the soft arm through a pipe-like environment in order to reach distinct goal states.},
author = {Marchese, Andrew D. and Katzschmann, Robert K. and Rus, Daniela},
doi = {10.1109/IROS.2014.6942614},
isbn = {9781479969340},
issn = {21530866},
journal = {IEEE International Conference on Intelligent Robots and Systems},
pages = {554--560},
title = {{Whole arm planning for a soft and highly compliant 2D robotic manipulator}},
year = {2014}
}

@article{marchese2015recipe,
  title={A recipe for soft fluidic elastomer robots},
  author={Marchese, Andrew D and Katzschmann, Robert K and Rus, Daniela},
  journal={Soft Robotics},
  volume={2},
  number={1},
  pages={7--25},
  year={2015},
  publisher={Mary Ann Liebert, Inc. 140 Huguenot Street, 3rd Floor New Rochelle, NY 10801 USA}
}

@article{marchese2016design,
  title={Design, kinematics, and control of a soft spatial fluidic elastomer manipulator},
  author={Marchese, Andrew D and Rus, Daniela},
  journal={The International Journal of Robotics Research},
  volume={35},
  number={7},
  pages={840--869},
  year={2016},
  publisher={SAGE Publications Sage UK: London, England}
}

@article{marchese2016dynamics,
  title={Dynamics and trajectory optimization for a soft spatial fluidic elastomer manipulator},
  author={Marchese, Andrew D and Tedrake, Russ and Rus, Daniela},
  journal={The International Journal of Robotics Research},
  volume={35},
  number={8},
  pages={1000--1019},
  year={2016},
  publisher={SAGE Publications Sage UK: London, England}
}

@misc{Matlab2017,
  title = {MATLAB},
  year = {R2017b},
  note = {The MathWorks, Natick, MA, USA}
}

@article{mistry2012operational,
	title={Operational space control of constrained and underactuated systems},
	author={Mistry, Michael and Righetti, Ludovic},
	journal={Robotics: Science and systems VII},
	pages={225--232},
	year={2012}
}

@inproceedings{mitchell2021fast,
  title={Fast Probabilistic 3-D Curvature Proprioception with a Magnetic Soft Sensor},
  author={Mitchell, Mason D and Hurley, Forrest E and Onal, Cagdas D},
  booktitle={2021 IEEE 17th International Conference on Automation Science and Engineering (CASE)},
  pages={215--220},
  year={2021},
  organization={IEEE}
}

@article{mohammadi2019magnetic,
  title={Magnetic-based soft tactile sensors with deformable continuous force transfer medium for resolving contact locations in robotic grasping and manipulation},
  author={Mohammadi, Alireza and Xu, Yangmengfei and Tan, Ying and Choong, Peter and Oetomo, Denny},
  journal={Sensors},
  volume={19},
  number={22},
  pages={4925},
  year={2019},
  publisher={Multidisciplinary Digital Publishing Institute}
}

@book{murray1994mathematical,
  title={A mathematical introduction to robotic manipulation},
  author={Murray, Richard M},
  year={1994},
  place={Boca Raton},
  publisher={CRC press}
}

@article{nakajima2013soft,
  title={A soft body as a reservoir: case studies in a dynamic model of octopus-inspired soft robotic arm},
  author={Nakajima, Kohei and Hauser, Helmut and Kang, Rongjie and Guglielmino, Emanuele and Caldwell, Darwin G and Pfeifer, Rolf},
  journal={Frontiers in computational neuroscience},
  volume={7},
  year={2013},
  publisher={Frontiers Media SA}
}

@article{nakajima2014exploiting,
  title={Exploiting short-term memory in soft body dynamics as a computational resource},
  author={Nakajima, Kohei and Li, Tao and Hauser, Helmut and Pfeifer, Rolf},
  journal={Journal of The Royal Society Interface},
  volume={11},
  number={100},
  pages={20140437},
  year={2014},
  publisher={The Royal Society}
}

@article{nakanishi2008operational,
  title={Operational space control: A theoretical and empirical comparison},
  author={Nakanishi, Jun and Cory, Rick and Mistry, Michael and Peters, Jan and Schaal, Stefan},
  journal={The International Journal of Robotics Research},
  volume={27},
  number={6},
  pages={737--757},
  year={2008},
  publisher={SAGE Publications Sage UK: London, England}
}

@software{netgen_ngsolve,
  author = {Schöberl, Joachim},
  month = {07},
  title = {{Netgen / NGSolve}},
  url = {https://github.com/NGSolve/ngsolve},
  version = {6.2},
  year = {2014}
}

@article{oh1999control,
  title={Control of flexible joint robot system by backstepping design approach},
  author={Oh, Jong H and Lee, Jin S},
  journal={Intelligent Automation \& Soft Computing},
  volume={5},
  number={4},
  pages={267--278},
  year={1999},
  publisher={Taylor \& Francis}
}

@Misc{optitrack,
  title        = {Optitrack Flex:V100 support page},
  howpublished = {http://optitrack.com/support/hardware/flex-v100.html},
  year         = {2018},
  note         = {Accessed: 2018-04-05},
}

@article{orin1979kinematic,
  title={Kinematic and kinetic analysis of open-chain linkages utilizing Newton-Euler methods},
  author={Orin, David E and McGhee, RB and Vukobratovi{\'c}, M and Hartoch, G},
  journal={Mathematical Biosciences},
  volume={43},
  number={1-2},
  pages={107--130},
  year={1979},
  publisher={Elsevier}
}

@book{ott2008cartesian,
  title={Cartesian impedance control of redundant and flexible-joint robots},
  author={Ott, Christian},
  year={2008},
  publisher={Springer}
}

@article{ozel2015precise,
  title={A precise embedded curvature sensor module for soft-bodied robots},
  author={Ozel, Selim and Keskin, Nehir A and Khea, Darien and Onal, Cagdas D},
  journal={Sensors and Actuators A: Physical},
  volume={236},
  pages={349--356},
  year={2015},
  publisher={Elsevier}
}

@article{paden1988globally,
  title={Globally asymptotically stable ‘PD+’controller for robot manipulators},
  author={Paden, Brad and Panja, Ravi},
  journal={International Journal of Control},
  volume={47},
  number={6},
  pages={1697--1712},
  year={1988},
  publisher={Taylor \& Francis}
}

@article{penning2014combined,
	title={A combined modal-joint space control approach for continuum manipulators},
	author={Penning, Ryan S and Zinn, Michael R},
	journal={Advanced Robotics},
	volume={28},
	number={16},
	pages={1091--1108},
	year={2014},
	publisher={Taylor \& Francis}
}

@article{petersen2008matrix,
  title={The matrix cookbook},
  author={Petersen, Kaare Brandt and Pedersen, Michael Syskind and others},
  journal={Technical University of Denmark},
  volume={7},
  number={15},
  pages={510},
  year={2008}
}

@article{petit2015backstepping,
  title={Backstepping control of variable stiffness robots},
  author={Petit, Florian and Daasch, Andreas and Albu-Sch{\"a}ffer, Alin},
  journal={IEEE transactions on control systems technology},
  volume={23},
  number={6},
  pages={2195--2202},
  year={2015},
  publisher={IEEE}
}

@article{pfeifer2012challenges,
  title={The challenges ahead for bio-inspired'soft'robotics},
  author={Pfeifer, Rolf and Lungarella, Max and Iida, Fumiya},
  journal={Communications of the ACM},
  volume={55},
  number={11},
  pages={76--87},
  year={2012},
  publisher={ACM}
}

@article{polygerinos2015modeling,
  title={Modeling of soft fiber-reinforced bending actuators},
  author={Polygerinos, Panagiotis and Wang, Zheng and Overvelde, Johannes TB and Galloway, Kevin C and Wood, Robert J and Bertoldi, Katia and Walsh, Conor J},
  journal={IEEE Transactions on Robotics},
  volume={31},
  number={3},
  pages={778--789},
  year={2015},
  publisher={IEEE}
}

@article{polygerinos2017soft,
  title={Soft Robotics: Review of Fluid-Driven Intrinsically Soft Devices; Manufacturing, Sensing, Control, and Applications in Human-Robot Interaction},
  author={Polygerinos, Panagiotis and Correll, Nikolaus and Morin, Stephen A and Mosadegh, Bobak and Onal, Cagdas D and Petersen, Kirstin and Cianchetti, Matteo and Tolley, Michael T and Shepherd, Robert F},
  journal={Advanced Engineering Materials},
  year={2017},
  publisher={Wiley Online Library}
}

@inproceedings{popovic2002bridging,
  title={Bridging the gap between {AMR}, {GMR}, and Hall magnetic sensors},
  author={Popovic, RS and Drljaca, PM and Schott, C},
  booktitle={2002 23rd International Conference on Microelectronics},
  volume={1},
  pages={55--58},
  year={2002},
  organization={IEEE}
}

@article{posa2014direct,
author = {Posa, Michael and Cantu, Cecilia and Tedrake, Russ},
file = {:Users/rkk/Documents/Mendeley Desktop/Posa, Cantu, Tedrake/Posa, Cantu, Tedrake - 2014 - A Direct Method for Trajectory Optimization of Rigid Bodies Through Contact.pdf:pdf;:Users/rkk/Documents/Mendeley Desktop/Posa, Cantu, Tedrake/Posa, Cantu, Tedrake - 2014 - A Direct Method for Trajectory Optimization of Rigid Bodies Through Contact(2).pdf:pdf},
isbn = {0278364913506},
journal = {International Journal of Robotics Research},
number = {1},
pages = {69--81},
title = {{A Direct Method for Trajectory Optimization of Rigid Bodies Through Contact}},
volume = {33},
year = {2014}
}

@inproceedings{posa2016optimization,
abstract = {Contact constraints, such as those between a foot and the ground or a hand and an object, are inherent in many robotic tasks. These constraints define a manifold of feasible states; while well understood mathematically, they pose numerical challenges to many algorithms for planning and controlling whole-body dynamic motions. In this paper, we present an approach to the synthesis and stabilization of complex trajectories for both fully-actuated and underactuated robots subject to contact constraints. We introduce a trajectory optimization algorithm (DIRCON) that extends the direct collocation method, naturally incorporating manifold constraints to produce a nominal trajectory with third-order integration accuracy-a critical feature for achieving reliable tracking control. We adapt the classical time-varying linear quadratic regulator to produce a local cost-to-go in the manifold tangent plane. Finally, we descend the cost-to-go using a quadratic program that incorporates unilateral friction and torque constraints. This approach is demonstrated on three complex walking and climbing locomotion examples in simulation.},
author = {Posa, M and Kuindersma, S and Tedrake, R},
booktitle = {2016 IEEE International Conference on Robotics and Automation (ICRA)},
doi = {10.1109/ICRA.2016.7487270},
file = {:Users/rkk/Documents/Mendeley Desktop/Posa, Kuindersma, Tedrake/Posa, Kuindersma, Tedrake - 2016 - Optimization and stabilization of trajectories for constrained dynamical systems.pdf:pdf},
keywords = {DIRCON,Heuristic algorithms,Legged locomotion,Manifolds,Robot kinematics,Trajectory optimization,climbing locomotion,complex trajectory stabilization,complex trajectory synthesis,complex walking locomotion,constrained dynamical systems,contact constraints,direct collocation method,friction,fully-actuated robot,legged locomotion,linear quadratic control,manifold tangent plane,motion control,path planning,quadratic program,quadratic programming,robot dynamics,robotic tasks,third-order integration,time-varying linear quadratic regulator,time-varying systems,torque constraints,tracking control,trajectory optimization algorithm,underactuated robot,unilateral friction,whole-body dynamic motion control,whole-body dynamic motion planning},
month = {may},
pages = {1366--1373},
title = {{Optimization and stabilization of trajectories for constrained dynamical systems}},
year = {2016}
}

@incollection{pytorch,
title = {PyTorch: An Imperative Style, High-Performance Deep Learning Library},
author = {Paszke, Adam and Gross, Sam and Massa, Francisco and Lerer, Adam and Bradbury, James and Chanan, Gregory and Killeen, Trevor and Lin, Zeming and Gimelshein, Natalia and Antiga, Luca and Desmaison, Alban and Kopf, Andreas and Yang, Edward and DeVito, Zachary and Raison, Martin and Tejani, Alykhan and Chilamkurthy, Sasank and Steiner, Benoit and Fang, Lu and Bai, Junjie and Chintala, Soumith},
booktitle = {Advances in Neural Information Processing Systems 32},
editor = {H. Wallach and H. Larochelle and A. Beygelzimer and F. d\textquotesingle Alch\'{e}-Buc and E. Fox and R. Garnett},
pages = {8024--8035},
year = {2019},
publisher = {Curran Associates, Inc.},
url = {http://papers.neurips.cc/paper/9015-pytorch-an-imperative-style-high-performance-deep-learning-library.pdf}
}

@article{renda20123d,
  title={A 3D steady-state model of a tendon-driven continuum soft manipulator inspired by the octopus arm},
  author={Renda, Federico and Cianchetti, Matteo and Giorelli, Michele and Arienti, Andrea and Laschi, Cecilia},
  journal={Bioinspiration \& biomimetics},
  volume={7},
  number={2},
  pages={025006},
  year={2012},
  publisher={IOP Publishing}
}

@article{renda2017discrete,
  title={Discrete Cosserat Approach for Multi-Section Soft Robots Dynamics},
  author={Renda, Federico and Boyer, Frederic and Dias, Jorge and Seneviratne, Lakmal},
  journal={arXiv preprint arXiv:1702.03660},
  year={2017}
}

@article{renda2018discrete,
	title={Discrete Cosserat approach for multisection soft manipulator dynamics},
	author={Renda, Federico and Boyer, Fr{\'e}d{\'e}ric and Dias, Jorge and Seneviratne, Lakmal},
	journal={IEEE Transactions on Robotics},
	volume={34},
	number={6},
	pages={1518--1533},
	year={2018},
	publisher={IEEE}
}

@article{renda2020geometric,
  title={A geometric variable-strain approach for static modeling of soft manipulators with tendon and fluidic actuation},
  author={Renda, Federico and Armanini, Costanza and Lebastard, Vincent and Candelier, Fabien and Boyer, Frederic},
  journal={IEEE Robotics and Automation Letters},
  volume={5},
  number={3},
  pages={4006--4013},
  year={2020},
  publisher={IEEE}
}

@article{roberts2011flexible,
  title={Flexible mechanisms: the diverse roles of biological springs in vertebrate movement},
  author={Roberts, Thomas J and Azizi, Emanuel},
  journal={Journal of Experimental Biology},
  volume={214},
  number={3},
  pages={353--361},
  year={2011},
  publisher={The Company of Biologists Ltd}
}



@article{robertson2017new,
	title={New soft robots really suck: Vacuum-powered systems empower diverse capabilities},
	author={Robertson, Matthew A and Paik, Jamie},
	journal={Science Robotics},
	volume={2},
	number={9},
	pages={eaan6357},
	year={2017},
	publisher={Science Robotics}
}


@article{rone2014continuum,
	title={Continuum robot dynamics utilizing the principle of virtual power},
	author={Rone, William S and Ben-Tzvi, Pinhas},
	journal={IEEE Transactions on Robotics},
	volume={30},
	number={1},
	pages={275--287},
	year={2014},
	publisher={IEEE}
}
@Comment{jabref-meta: databaseType:bibtex;}

@inproceedings{rosi2022sensing,
  title={Sensing soft robots' shape with cameras: an investigation on kinematics-aware SLAM},
  author={Rosi, Emanuele Riccardo and St{\"o}lzle, Maximilian and Solari, Fabio and Della Santina, Cosimo},
  booktitle={2022 IEEE 5th International Conference on Soft Robotics (RoboSoft)},
  pages={795--801},
  year={2022},
  organization={IEEE}
}

@book{rubin2013cosserat,
  title={Cosserat theories: shells, rods and points},
  author={Rubin, Mordecai B},
  volume={79},
  year={2013},
  publisher={Springer Science \& Business Media}
}

@article{ruder2016overview,
  title={An overview of gradient descent optimization algorithms},
  author={Ruder, Sebastian},
  journal={arXiv preprint arXiv:1609.04747},
  year={2016}
}

@article{runge2017framework,
  title={A framework for the automated design and modelling of soft robotic systems},
  author={Runge, Gundula and Raatz, Annika},
  journal={CIRP Annals-Manufacturing Technology},
  year={2017},
  publisher={Elsevier}
}

@article{rus2015design,
  title={Design, fabrication and control of soft robots},
  author={Rus, Daniela and Tolley, Michael T},
  journal={Nature},
  volume={521},
  number={7553},
  pages={467--475},
  year={2015},
  publisher={Nature Research}
}

@article{sadati2018control,
  title={Control Space Reduction and Real-Time Accurate Modeling of Continuum Manipulators Using Ritz and Ritz--Galerkin Methods},
  author={Sadati, SM Hadi and Naghibi, S Elnaz and Walker, Ian D and Althoefer, Kaspar and Nanayakkara, Thrishantha},
  journal={IEEE Robotics and Automation Letters},
  volume={3},
  number={1},
  pages={328--335},
  year={2018},
  publisher={IEEE}
}

@article{sadati2019TMTDyn,
	author = {Sadati, Hadi and Naghibi, Seyedeh Elnaz and Shiva, Ali and Zschaler, Steffen and Rucker, Daniel and Brendan, Michael and Renson, Ludovic and Althoefer, Kaspar and Nanayakkara, Thrishantha and Hauser, Helmut and Walker, Ian D.},
	title ={TMTDyn: A Matlab Package for Modeling and Control of Hybrid Rigid-Continuum Robots Based on Discretized Lumped System and Reduced Order Models},
	journal = {The International Journal of Robotics Research},
	year = {2019}
}

@article{sareh2012swimming,
  title={Swimming like algae: biomimetic soft artificial cilia},
  author={Sareh, Sina and Rossiter, Jonathan and Conn, Andrew and Drescher, Knut and Goldstein, Raymond E},
  journal={Journal of the Royal Society Interface},
  pages={rsif20120666},
  year={2012},
  publisher={The Royal Society}
}

@article{scharff2021sensing,
  title={Sensing and Reconstruction of 3-D Deformation on Pneumatic Soft Robots},
  author={Scharff, Rob BN and Fang, Guoxin and Tian, Yingjun and Wu, Jun and Geraedts, Jo MP and Wang, Charlie CL},
  journal={IEEE/ASME Transactions on Mechatronics},
  volume={26},
  number={4},
  pages={1877--1885},
  year={2021},
  publisher={IEEE}
}

@book{sciavicco2012modelling,
  title={Modelling and control of robot manipulators},
  author={Sciavicco, Lorenzo and Siciliano, Bruno},
  year={2012},
  publisher={Springer Science \& Business Media}
}

@article{scimeca2019model,
  title={Model-free soft-structure reconstruction for proprioception using tactile arrays},
  author={Scimeca, Luca and Hughes, Josie and Maiolino, Perla and Iida, Fumiya},
  journal={IEEE Robotics and Automation Letters},
  volume={4},
  number={3},
  pages={2479--2484},
  year={2019},
  publisher={IEEE}
}

@article{seok2013meshworm,
  title={Meshworm: a peristaltic soft robot with antagonistic nickel titanium coil actuators},
  author={Seok, Sangok and Onal, Cagdas Denizel and Cho, Kyu-Jin and Wood, Robert J and Rus, Daniela and Kim, Sangbae},
  journal={IEEE/ASME Transactions on mechatronics},
  volume={18},
  number={5},
  pages={1485--1497},
  year={2013},
  publisher={IEEE}
}

@article{shah2021soft,
  title={A soft robot that adapts to environments through shape change},
  author={Shah, Dylan S and Powers, Joshua P and Tilton, Liana G and Kriegman, Sam and Bongard, Josh and Kramer-Bottiglio, Rebecca},
  journal={Nature Machine Intelligence},
  volume={3},
  number={1},
  pages={51--59},
  year={2021},
  publisher={Nature Publishing Group}
}

@article{shih2019design,
  title={Design considerations for 3D printed, soft, multimaterial resistive sensors for soft robotics},
  author={Shih, Benjamin and Christianson, Caleb and Gillespie, Kyle and Lee, Sebastian and Mayeda, Jason and Huo, Zhaoyuan and Tolley, Michael T},
  journal={Frontiers in Robotics and AI},
  volume={6},
  pages={30},
  year={2019},
  publisher={Frontiers}
}

@article{shintake2018ultrastretchable,
  title={Ultrastretchable strain sensors using carbon black-filled elastomer composites and comparison of capacitive versus resistive sensors},
  author={Shintake, Jun and Piskarev, Yegor and Jeong, Seung Hee and Floreano, Dario},
  journal={Advanced Materials Technologies},
  volume={3},
  number={3},
  pages={1700284},
  year={2018},
  publisher={Wiley Online Library}
}

@book{siciliano2010robotics,
	title={Robotics: modelling, planning and control},
	author={Siciliano, Bruno and Sciavicco, Lorenzo and Villani, Luigi and Oriolo, Giuseppe},
	year={2010},
	publisher={Springer Science \& Business Media}
}

@article{skogestad2003simple,
  title={Simple analytic rules for model reduction and PID controller tuning},
  author={Skogestad, Sigurd},
  journal={Journal of process control},
  volume={13},
  number={4},
  pages={291--309},
  year={2003},
  publisher={Elsevier}
}

@inproceedings{skorina2015feedforward,
  title={Feedforward augmented sliding mode motion control of antagonistic soft pneumatic actuators},
  author={Skorina, Erik H and Luo, Ming and Ozel, Selim and Chen, Fuchen and Tao, Weijia and Onal, Cagdas D},
  booktitle={Robotics and Automation (ICRA), 2015 IEEE International Conference on},
  pages={2544--2549},
  year={2015},
  organization={IEEE}
}

@inproceedings{skorina2016motion,
  title={Motion control of a soft-actuated modular manipulator},
  author={Skorina, Erik H and Tao, Weijia and Chen, Fuchen and Luo, Ming and Onal, Cagdas D},
  booktitle={Robotics and Automation (ICRA), 2016 IEEE International Conference on},
  pages={4997--5002},
  year={2016},
  organization={IEEE}
}

@article{skorina2017adapting,
  title={Adapting to Flexibility: Model Reference Adaptive Control of Soft Bending Actuators},
  author={Skorina, Erik H and Luo, Ming and Tao, Weijia and Chen, Fuchen and Fu, Jie and Onal, Cagdas D},
  journal={IEEE Robotics and Automation Letters},
  volume={2},
  number={2},
  pages={964--970},
  year={2017},
  publisher={IEEE}
}

@article{slotine1987on,
author = {Jean-Jacques E. Slotine and Weiping Li},
title ={On the Adaptive Control of Robot Manipulators},
journal = {The International Journal of Robotics Research},
volume = {6},
number = {3},
pages = {49-59},
year = {1987},
doi = {10.1177/027836498700600303},
URL = {https://doi.org/10.1177/027836498700600303},
eprint = {https://doi.org/10.1177/027836498700600303},
abstract = { A new adaptive robot control algorithm is derived, which consists of a PD feedback part and a full dynamics feedfor ward compensation part, with the unknown manipulator and payload parameters being estimated online. The algorithm is computationally simple, because of an effective exploitation of the structure of manipulator dynamics. In particular, it requires neither feedback of joint accelerations nor inversion of the estimated inertia matrix. The algorithm can also be applied directly in Cartesian space. }
}

@article{song2015electromagnetic,
  title={Electromagnetic positioning for tip tracking and shape sensing of flexible robots},
  author={Song, Shuang and Li, Zheng and Yu, Haoyong and Ren, Hongliang},
  journal={IEEE Sensors Journal},
  volume={15},
  number={8},
  pages={4565--4575},
  year={2015},
  publisher={IEEE}
}

@inproceedings{soter2018bodily,
  title={Bodily aware soft robots: integration of proprioceptive and exteroceptive sensors},
  author={Soter, Gabor and Conn, Andrew and Hauser, Helmut and Rossiter, Jonathan},
  booktitle={2018 IEEE international conference on robotics and automation (ICRA)},
  pages={2448--2453},
  year={2018},
  organization={IEEE}
}

@article{spinage1994elephants,
	title={Elephants},
	author={Spinage, CA},
	journal={T \& AD Poyser, London},
	pages={319},
	year={1994}
}

@article{stella2022experimental,
  title={An experimental validation of the polynomial curvature model: identification and optimal control of a soft underwater tentacle},
  author={Stella, Francesco and Obayashi, Nana and Della Santina, Cosimo and Hughes, Josie},
  journal={IEEE Robotics and Automation Letters},
  volume={7},
  number={4},
  pages={11410--11417},
  year={2022},
  publisher={IEEE}
}

@misc{stella2022piecewise_preprint,
  doi = {10.48550/ARXIV.2211.10188},
  url = {https://arxiv.org/abs/2211.10188},
  author = {Stella, Francesco and Guan, Qinghua and Leng, Jinsong and Della Santina, Cosimo and Hughes, Josie},
  keywords = {Robotics (cs.RO), Systems and Control (eess.SY), FOS: Computer and information sciences, FOS: Computer and information sciences, FOS: Electrical engineering, electronic engineering, information engineering, FOS: Electrical engineering, electronic engineering, information engineering},
  title = {Piecewise Affine Curvature model: a reduced-order model for soft robot-environment interaction beyond PCC},
  publisher = {arXiv},
  year = {2022},
  copyright = {Creative Commons Attribution 4.0 International}
}

@article{sumbre2001control,
	title={Control of octopus arm extension by a peripheral motor program},
	author={Sumbre, German and Gutfreund, Yoram and Fiorito, Graziano and Flash, Tamar and Hochner, Binyamin},
	journal={Science},
	volume={293},
	number={5536},
	pages={1845--1848},
	year={2001},
	publisher={American Association for the Advancement of Science}
}


@article{sumbre2005neurobiology,
	title={Neurobiology: motor control of flexible octopus arms},
	author={Sumbre, Germ{\'a}n and Fiorito, Graziano and Flash, Tamar and Hochner, Binyamin},
	journal={Nature},
	volume={433},
	number={7026},
	pages={595},
	year={2005},
	publisher={Nature Publishing Group}
}

@inproceedings{thieffry2017dynamic,
  title={Dynamic control of soft robots},
  author={Thieffry, Maxime and Kruszewski, Alexandre and Goury, Olivier and Guerra, Thierry-Marie and Duriez, Christian},
  booktitle={IFAC World Congress},
  year={2017}
}

@article{thieffry2018control,
  title={Control design for soft robots based on reduced-order model},
  author={Thieffry, Maxime and Kruszewski, Alexandre and Duriez, Christian and Guerra, Thierry-Marie},
  journal={IEEE Robotics and Automation Letters},
  volume={4},
  number={1},
  pages={25--32},
  year={2018},
  publisher={IEEE}
}

@article{thuruthel2017learning,
	title={Learning dynamic models for open loop predictive control of soft robotic manipulators},
	author={Thuruthel, Thomas George and Falotico, Egidio and Renda, Federico and Laschi, Cecilia},
	journal={Bioinspiration \& biomimetics},
	volume={12},
	number={6},
	pages={066003},
	year={2017},
	publisher={IOP Publishing}
}

@article{thuruthel2018stable,
  title={Stable Open Loop Control of Soft Robotic Manipulators},
  author={Thuruthel, Thomas George and Falotico, Egidio and Manti, Mariangela and Laschi, Cecilia},
  journal={IEEE Robotics and Automation Letters},
  year={2018},
  publisher={IEEE}
} 

@article{thuruthel2019soft,
  title={Soft robot perception using embedded soft sensors and recurrent neural networks},
  author={Thuruthel, Thomas George and Shih, Benjamin and Laschi, Cecilia and Tolley, Michael Thomas},
  journal={Science Robotics},
  volume={4},
  number={26},
  pages={eaav1488},
  year={2019},
  publisher={American Association for the Advancement of Science}
}

@article{tomei1991adaptive,
	title={Adaptive PD controller for robot manipulators},
	author={Tomei, Patrizio},
	journal={IEEE Transactions on Robotics and Automation},
	volume={7},
	number={4},
	pages={565--570},
	year={1991},
	publisher={IEEE}
}

@article{trivedi2008geometrically,
  title={Geometrically exact models for soft robotic manipulators},
  author={Trivedi, Deepak and Lotfi, Amir and Rahn, Christopher D},
  journal={IEEE Transactions on Robotics},
  volume={24},
  number={4},
  pages={773--780},
  year={2008},
  publisher={IEEE}
}

@article{truby2020distributed,
  title={Distributed proprioception of 3D configuration in soft, sensorized robots via deep learning},
  author={Truby, Ryan L and Della Santina, Cosimo and Rus, Daniela},
  journal={IEEE Robotics and Automation Letters},
  volume={5},
  number={2},
  pages={3299--3306},
  year={2020},
  publisher={IEEE}
}

@article{tulleken1990generalized,
  title={Generalized binary noise test-signal concept for improved identification-experiment design},
  author={Tulleken, Herbert JAF},
  journal={Automatica},
  volume={26},
  number={1},
  pages={37--49},
  year={1990},
  publisher={Elsevier}
}

@Article{vandereycken2013lowrank,
	Title   = {Low-rank matrix completion by {Riemannian} optimization},
	Author  = {Vandereycken, B.},
	Journal = {SIAM Journal on Optimization},
	Year    = {2013},
	Number  = {2},
	Pages   = {1214--1236},
	Volume  = {23},
	Doi     = {10.1137/110845768}
}

@inproceedings{walker2005continuum,
  title={Continuum robot arms inspired by cephalopods},
  author={Walker, Ian D and Dawson, Darren M and Flash, Tamar and Grasso, Frank W and Hanlon, Roger T and Hochner, Binyamin and Kier, William M and Pagano, Christopher C and Rahn, Christopher D and Zhang, Qiming M},
  booktitle={Proc. SPIE},
  volume={5804},
  pages={303--314},
  year={2005}
}

@inproceedings{wall2017method,
  title={A method for sensorizing soft actuators and its application to the RBO hand 2},
  author={Wall, Vincent and Z{\"o}ller, Gabriel and Brock, Oliver},
  booktitle={2017 IEEE International Conference on Robotics and Automation (ICRA)},
  pages={4965--4970},
  year={2017},
  organization={IEEE}
}

@article{wang2017soft,
  title={Soft gripper dynamics using a line-segment model with an optimization-based parameter identification method},
  author={Wang, Zhongkui and Hirai, Shinichi},
  journal={IEEE Robotics and Automation Letters},
  volume={2},
  number={2},
  pages={624--631},
  year={2017},
  publisher={IEEE}
}

@article{wang2017visual,
  title={Visual servoing of soft robot manipulator in constrained environments with an adaptive controller},
  author={Wang, Hesheng and Yang, Bohan and Liu, Yuting and Chen, Weidong and Liang, Xinwu and Pfeifer, Rolf},
  journal={IEEE/ASME Transactions on Mechatronics},
  volume={22},
  number={1},
  pages={41--50},
  year={2017},
  publisher={IEEE}
}

@inproceedings{wang2018design,
  title={Design and verification of model-based nonlinear controller for fluidic soft actuators},
  author={Wang, Tao and Zhang, Yunce and Chen, Zheng},
  booktitle={2018 IEEE/ASME International Conference on Advanced Intelligent Mechatronics (AIM)},
  pages={1178--1183},
  year={2018},
  organization={IEEE}
}

@article{wang2018toward,
  title={Toward perceptive soft robots: Progress and challenges},
  author={Wang, Hongbo and Totaro, Massimo and Beccai, Lucia},
  journal={Advanced Science},
  volume={5},
  number={9},
  pages={1800541},
  year={2018},
  publisher={Wiley Online Library}
}

@article{wang2019parameter,
  title={Parameter identification and model-based nonlinear robust control of fluidic soft bending actuators},
  author={Wang, Tao and Zhang, Yunce and Chen, Zheng and Zhu, Shiqiang},
  journal={IEEE/ASME Transactions on Mechatronics},
  volume={24},
  number={3},
  pages={1346--1355},
  year={2019},
  publisher={IEEE}
}

@article{ward2018tactip,
  title={The tactip family: Soft optical tactile sensors with 3d-printed biomimetic morphologies},
  author={Ward-Cherrier, Benjamin and Pestell, Nicholas and Cramphorn, Luke and Winstone, Benjamin and Giannaccini, Maria Elena and Rossiter, Jonathan and Lepora, Nathan F},
  journal={Soft robotics},
  volume={5},
  number={2},
  pages={216--227},
  year={2018},
  publisher={Mary Ann Liebert, Inc. 140 Huguenot Street, 3rd Floor New Rochelle, NY 10801 USA}
}

@article{webster2010design,
  title={Design and kinematic modeling of constant curvature continuum robots: A review},
  author={Webster III, Robert J and Jones, Bryan A},
  journal={The International Journal of Robotics Research},
  volume={29},
  number={13},
  pages={1661--1683},
  year={2010},
  publisher={SAGE Publications Sage UK: London, England}
}

@article{wichmann1995industrial,
  title={Industrial perspective on static analysis},
  author={Wichmann, BA and Canning, AA and Clutterbuck, DL and Winsborrow, LA and Ward, NJ and Marsh, DWR},
  journal={Software Engineering Journal},
  volume={10},
  number={2},
  pages={69--75},
  year={1995},
  publisher={IET}
}

@article{xie2020design,
  title={Design and modeling of a hydraulic soft actuator with three degrees of freedom},
  author={Xie, Qing and Wang, Tao and Yao, Shengda and Zhu, Zhipeng and Tan, Ning and Zhu, Shiqiang},
  journal={Smart Materials and Structures},
  volume={29},
  number={12},
  pages={125017},
  year={2020},
  publisher={IOP Publishing}
}

@article{yip2014model,
  title={Model-less feedback control of continuum manipulators in constrained environments},
  author={Yip, Michael C and Camarillo, David B},
  journal={IEEE Transactions on Robotics},
  volume={30},
  number={4},
  pages={880--889},
  year={2014},
  publisher={IEEE}
}

@inproceedings{zhang2016kinematic,
  title={Kinematic modeling and observer based control of soft robot using real-time Finite Element Method},
  author={Zhang, Zhongkai and Dequidt, Jeremie and Kruszewski, Alexandre and Largilliere, Frederick and Duriez, Christian},
  booktitle={Intelligent Robots and Systems (IROS), 2016 IEEE/RSJ International Conference on},
  pages={5509--5514},
  year={2016},
  organization={IEEE}
}

@article{ziegler1942optimum,
  title={Optimum settings for automatic controllers},
  author={Ziegler, John G and Nichols, Nathaniel B and others},
  journal={trans. ASME},
  volume={64},
  number={11},
  year={1942}
}


